%YAML 1.1
%TAG !u! tag:unity3d.com,2011:
--- !u!1 &336250720155713759
GameObject:
  m_ObjectHideFlags: 0
  m_CorrespondingSourceObject: {fileID: 0}
  m_PrefabInstance: {fileID: 0}
  m_PrefabAsset: {fileID: 0}
  serializedVersion: 6
  m_Component:
  - component: {fileID: 336250720155713756}
  - component: {fileID: 336250720155713757}
  - component: {fileID: 336250720155713758}
  m_Layer: 0
  m_Name: EventSystem
  m_TagString: Untagged
  m_Icon: {fileID: 0}
  m_NavMeshLayer: 0
  m_StaticEditorFlags: 0
  m_IsActive: 1
--- !u!4 &336250720155713756
Transform:
  m_ObjectHideFlags: 0
  m_CorrespondingSourceObject: {fileID: 0}
  m_PrefabInstance: {fileID: 0}
  m_PrefabAsset: {fileID: 0}
  m_GameObject: {fileID: 336250720155713759}
  m_LocalRotation: {x: -0, y: -0, z: -0, w: 1}
  m_LocalPosition: {x: 0, y: 0, z: 0}
  m_LocalScale: {x: 1, y: 1, z: 1}
  m_Children: []
  m_Father: {fileID: 1630091878887783473}
  m_RootOrder: 2
  m_LocalEulerAnglesHint: {x: 0, y: 0, z: 0}
--- !u!114 &336250720155713757
MonoBehaviour:
  m_ObjectHideFlags: 0
  m_CorrespondingSourceObject: {fileID: 0}
  m_PrefabInstance: {fileID: 0}
  m_PrefabAsset: {fileID: 0}
  m_GameObject: {fileID: 336250720155713759}
  m_Enabled: 1
  m_EditorHideFlags: 0
  m_Script: {fileID: 11500000, guid: 76c392e42b5098c458856cdf6ecaaaa1, type: 3}
  m_Name: 
  m_EditorClassIdentifier: 
  m_FirstSelected: {fileID: 0}
  m_sendNavigationEvents: 1
  m_DragThreshold: 10
--- !u!114 &336250720155713758
MonoBehaviour:
  m_ObjectHideFlags: 0
  m_CorrespondingSourceObject: {fileID: 0}
  m_PrefabInstance: {fileID: 0}
  m_PrefabAsset: {fileID: 0}
  m_GameObject: {fileID: 336250720155713759}
  m_Enabled: 1
  m_EditorHideFlags: 0
  m_Script: {fileID: 11500000, guid: 4f231c4fb786f3946a6b90b886c48677, type: 3}
  m_Name: 
  m_EditorClassIdentifier: 
  m_HorizontalAxis: Horizontal
  m_VerticalAxis: Vertical
  m_SubmitButton: Submit
  m_CancelButton: Cancel
  m_InputActionsPerSecond: 10
  m_RepeatDelay: 0.5
  m_ForceModuleActive: 0
--- !u!1 &336250720610836566
GameObject:
  m_ObjectHideFlags: 0
  m_CorrespondingSourceObject: {fileID: 0}
  m_PrefabInstance: {fileID: 0}
  m_PrefabAsset: {fileID: 0}
  serializedVersion: 6
  m_Component:
  - component: {fileID: 336250720610836570}
  - component: {fileID: 336250720610836571}
  - component: {fileID: 336250720610836564}
  - component: {fileID: 336250720610836565}
  m_Layer: 5
  m_Name: Canvas
  m_TagString: Untagged
  m_Icon: {fileID: 0}
  m_NavMeshLayer: 0
  m_StaticEditorFlags: 0
  m_IsActive: 1
--- !u!224 &336250720610836570
RectTransform:
  m_ObjectHideFlags: 0
  m_CorrespondingSourceObject: {fileID: 0}
  m_PrefabInstance: {fileID: 0}
  m_PrefabAsset: {fileID: 0}
  m_GameObject: {fileID: 336250720610836566}
  m_LocalRotation: {x: 0, y: 0, z: 0, w: 1}
  m_LocalPosition: {x: 0, y: 0, z: 0}
  m_LocalScale: {x: 0, y: 0, z: 0}
  m_Children:
  - {fileID: 336250721133153711}
  m_Father: {fileID: 1630091878887783473}
  m_RootOrder: 1
  m_LocalEulerAnglesHint: {x: 0, y: 0, z: 0}
  m_AnchorMin: {x: 0, y: 0}
  m_AnchorMax: {x: 0, y: 0}
  m_AnchoredPosition: {x: 0, y: 0}
  m_SizeDelta: {x: 0, y: 0}
  m_Pivot: {x: 0, y: 0}
--- !u!223 &336250720610836571
Canvas:
  m_ObjectHideFlags: 0
  m_CorrespondingSourceObject: {fileID: 0}
  m_PrefabInstance: {fileID: 0}
  m_PrefabAsset: {fileID: 0}
  m_GameObject: {fileID: 336250720610836566}
  m_Enabled: 1
  serializedVersion: 3
  m_RenderMode: 0
  m_Camera: {fileID: 0}
  m_PlaneDistance: 100
  m_PixelPerfect: 0
  m_ReceivesEvents: 1
  m_OverrideSorting: 0
  m_OverridePixelPerfect: 0
  m_SortingBucketNormalizedSize: 0
  m_AdditionalShaderChannelsFlag: 0
  m_SortingLayerID: 0
  m_SortingOrder: 0
  m_TargetDisplay: 0
--- !u!114 &336250720610836564
MonoBehaviour:
  m_ObjectHideFlags: 0
  m_CorrespondingSourceObject: {fileID: 0}
  m_PrefabInstance: {fileID: 0}
  m_PrefabAsset: {fileID: 0}
  m_GameObject: {fileID: 336250720610836566}
  m_Enabled: 1
  m_EditorHideFlags: 0
  m_Script: {fileID: 11500000, guid: 0cd44c1031e13a943bb63640046fad76, type: 3}
  m_Name: 
  m_EditorClassIdentifier: 
  m_UiScaleMode: 0
  m_ReferencePixelsPerUnit: 100
  m_ScaleFactor: 1
  m_ReferenceResolution: {x: 800, y: 600}
  m_ScreenMatchMode: 0
  m_MatchWidthOrHeight: 0
  m_PhysicalUnit: 3
  m_FallbackScreenDPI: 96
  m_DefaultSpriteDPI: 96
  m_DynamicPixelsPerUnit: 1
  m_PresetInfoIsWorld: 0
--- !u!114 &336250720610836565
MonoBehaviour:
  m_ObjectHideFlags: 0
  m_CorrespondingSourceObject: {fileID: 0}
  m_PrefabInstance: {fileID: 0}
  m_PrefabAsset: {fileID: 0}
  m_GameObject: {fileID: 336250720610836566}
  m_Enabled: 1
  m_EditorHideFlags: 0
  m_Script: {fileID: 11500000, guid: dc42784cf147c0c48a680349fa168899, type: 3}
  m_Name: 
  m_EditorClassIdentifier: 
  m_IgnoreReversedGraphics: 1
  m_BlockingObjects: 0
  m_BlockingMask:
    serializedVersion: 2
    m_Bits: 4294967295
--- !u!1 &336250720951388842
GameObject:
  m_ObjectHideFlags: 0
  m_CorrespondingSourceObject: {fileID: 0}
  m_PrefabInstance: {fileID: 0}
  m_PrefabAsset: {fileID: 0}
  serializedVersion: 6
  m_Component:
  - component: {fileID: 336250720951388853}
  - component: {fileID: 336250720951388852}
  m_Layer: 0
  m_Name: TeamManager
  m_TagString: Untagged
  m_Icon: {fileID: 0}
  m_NavMeshLayer: 0
  m_StaticEditorFlags: 0
  m_IsActive: 1
--- !u!4 &336250720951388853
Transform:
  m_ObjectHideFlags: 0
  m_CorrespondingSourceObject: {fileID: 0}
  m_PrefabInstance: {fileID: 0}
  m_PrefabAsset: {fileID: 0}
  m_GameObject: {fileID: 336250720951388842}
  m_LocalRotation: {x: 0, y: 0, z: 0, w: 1}
  m_LocalPosition: {x: 0, y: 0, z: 0}
  m_LocalScale: {x: 1, y: 1, z: 1}
  m_Children: []
  m_Father: {fileID: 7376257123814186258}
  m_RootOrder: 10
  m_LocalEulerAnglesHint: {x: 0, y: 0, z: 0}
--- !u!114 &336250720951388852
MonoBehaviour:
  m_ObjectHideFlags: 0
  m_CorrespondingSourceObject: {fileID: 0}
  m_PrefabInstance: {fileID: 0}
  m_PrefabAsset: {fileID: 0}
  m_GameObject: {fileID: 336250720951388842}
  m_Enabled: 1
  m_EditorHideFlags: 0
  m_Script: {fileID: 11500000, guid: 497644bbff51b4bb3bcff0bb914538ea, type: 3}
  m_Name: 
  m_EditorClassIdentifier: 
  Queens:
  - {fileID: 0}
  - {fileID: 0}
  - {fileID: 0}
  _playerAmount: 12
--- !u!1 &336250721133153704
GameObject:
  m_ObjectHideFlags: 0
  m_CorrespondingSourceObject: {fileID: 0}
  m_PrefabInstance: {fileID: 0}
  m_PrefabAsset: {fileID: 0}
  serializedVersion: 6
  m_Component:
  - component: {fileID: 336250721133153711}
  - component: {fileID: 336250721133153709}
  - component: {fileID: 336250721133153710}
  m_Layer: 5
  m_Name: Selector
  m_TagString: Untagged
  m_Icon: {fileID: 0}
  m_NavMeshLayer: 0
  m_StaticEditorFlags: 0
  m_IsActive: 1
--- !u!224 &336250721133153711
RectTransform:
  m_ObjectHideFlags: 0
  m_CorrespondingSourceObject: {fileID: 0}
  m_PrefabInstance: {fileID: 0}
  m_PrefabAsset: {fileID: 0}
  m_GameObject: {fileID: 336250721133153704}
  m_LocalRotation: {x: 0, y: 0, z: 0, w: 1}
  m_LocalPosition: {x: 0, y: 0, z: 0}
  m_LocalScale: {x: 1, y: 1, z: 1}
  m_Children: []
  m_Father: {fileID: 336250720610836570}
  m_RootOrder: 0
  m_LocalEulerAnglesHint: {x: 0, y: 0, z: 0}
  m_AnchorMin: {x: 0, y: 0}
  m_AnchorMax: {x: 0, y: 0}
  m_AnchoredPosition: {x: 362, y: 204}
  m_SizeDelta: {x: 100, y: 100}
  m_Pivot: {x: 0.5, y: 0.5}
--- !u!222 &336250721133153709
CanvasRenderer:
  m_ObjectHideFlags: 0
  m_CorrespondingSourceObject: {fileID: 0}
  m_PrefabInstance: {fileID: 0}
  m_PrefabAsset: {fileID: 0}
  m_GameObject: {fileID: 336250721133153704}
  m_CullTransparentMesh: 0
--- !u!114 &336250721133153710
MonoBehaviour:
  m_ObjectHideFlags: 0
  m_CorrespondingSourceObject: {fileID: 0}
  m_PrefabInstance: {fileID: 0}
  m_PrefabAsset: {fileID: 0}
  m_GameObject: {fileID: 336250721133153704}
  m_Enabled: 1
  m_EditorHideFlags: 0
  m_Script: {fileID: 11500000, guid: fe87c0e1cc204ed48ad3b37840f39efc, type: 3}
  m_Name: 
  m_EditorClassIdentifier: 
  m_Material: {fileID: 0}
  m_Color: {r: 0.46658, g: 0.9622642, b: 0.34950158, a: 0.39607844}
  m_RaycastTarget: 0
  m_RaycastPadding: {x: 0, y: 0, z: 0, w: 0}
  m_Maskable: 1
  m_OnCullStateChanged:
    m_PersistentCalls:
      m_Calls: []
  m_Sprite: {fileID: 21300000, guid: 97a79c03db892314980ba1dcfe49c975, type: 3}
  m_Type: 1
  m_PreserveAspect: 0
  m_FillCenter: 1
  m_FillMethod: 4
  m_FillAmount: 1
  m_FillClockwise: 1
  m_FillOrigin: 0
  m_UseSpriteMesh: 0
  m_PixelsPerUnitMultiplier: 1
--- !u!1 &494487572030605338
GameObject:
  m_ObjectHideFlags: 0
  m_CorrespondingSourceObject: {fileID: 0}
  m_PrefabInstance: {fileID: 0}
  m_PrefabAsset: {fileID: 0}
  serializedVersion: 6
  m_Component:
  - component: {fileID: 494487572030605341}
  m_Layer: 0
  m_Name: TargetObject
  m_TagString: Untagged
  m_Icon: {fileID: 0}
  m_NavMeshLayer: 0
  m_StaticEditorFlags: 0
  m_IsActive: 1
--- !u!4 &494487572030605341
Transform:
  m_ObjectHideFlags: 0
  m_CorrespondingSourceObject: {fileID: 0}
  m_PrefabInstance: {fileID: 0}
  m_PrefabAsset: {fileID: 0}
  m_GameObject: {fileID: 494487572030605338}
  m_LocalRotation: {x: -0, y: -0, z: -0, w: 1}
  m_LocalPosition: {x: 0, y: 0, z: 0}
  m_LocalScale: {x: 1, y: 1, z: 1}
  m_Children:
  - {fileID: 494487573260528038}
  - {fileID: 9013757692828824311}
  m_Father: {fileID: 1630091878887783473}
  m_RootOrder: 0
  m_LocalEulerAnglesHint: {x: 0, y: 0, z: 0}
--- !u!1 &494487573260528039
GameObject:
  m_ObjectHideFlags: 0
  m_CorrespondingSourceObject: {fileID: 0}
  m_PrefabInstance: {fileID: 0}
  m_PrefabAsset: {fileID: 0}
  serializedVersion: 6
  m_Component:
  - component: {fileID: 494487573260528038}
  - component: {fileID: 494487573260528057}
  m_Layer: 0
  m_Name: TargetBody
  m_TagString: Untagged
  m_Icon: {fileID: 0}
  m_NavMeshLayer: 0
  m_StaticEditorFlags: 0
  m_IsActive: 0
--- !u!4 &494487573260528038
Transform:
  m_ObjectHideFlags: 0
  m_CorrespondingSourceObject: {fileID: 0}
  m_PrefabInstance: {fileID: 0}
  m_PrefabAsset: {fileID: 0}
  m_GameObject: {fileID: 494487573260528039}
  m_LocalRotation: {x: 0.38268343, y: 0, z: 0, w: 0.92387956}
  m_LocalPosition: {x: 0, y: 0.5, z: 0}
  m_LocalScale: {x: 1.2, y: 1.2, z: 1}
  m_Children: []
  m_Father: {fileID: 494487572030605341}
  m_RootOrder: 0
  m_LocalEulerAnglesHint: {x: 45, y: 0, z: 0}
--- !u!212 &494487573260528057
SpriteRenderer:
  m_ObjectHideFlags: 0
  m_CorrespondingSourceObject: {fileID: 0}
  m_PrefabInstance: {fileID: 0}
  m_PrefabAsset: {fileID: 0}
  m_GameObject: {fileID: 494487573260528039}
  m_Enabled: 1
  m_CastShadows: 0
  m_ReceiveShadows: 0
  m_DynamicOccludee: 1
  m_MotionVectors: 1
  m_LightProbeUsage: 1
  m_ReflectionProbeUsage: 1
  m_RayTracingMode: 0
  m_RayTraceProcedural: 0
  m_RenderingLayerMask: 1
  m_RendererPriority: 0
  m_Materials:
  - {fileID: 10754, guid: 0000000000000000f000000000000000, type: 0}
  m_StaticBatchInfo:
    firstSubMesh: 0
    subMeshCount: 0
  m_StaticBatchRoot: {fileID: 0}
  m_ProbeAnchor: {fileID: 0}
  m_LightProbeVolumeOverride: {fileID: 0}
  m_ScaleInLightmap: 1
  m_ReceiveGI: 1
  m_PreserveUVs: 0
  m_IgnoreNormalsForChartDetection: 0
  m_ImportantGI: 0
  m_StitchLightmapSeams: 1
  m_SelectedEditorRenderState: 0
  m_MinimumChartSize: 4
  m_AutoUVMaxDistance: 0.5
  m_AutoUVMaxAngle: 89
  m_LightmapParameters: {fileID: 0}
  m_SortingLayerID: 0
  m_SortingLayer: 0
  m_SortingOrder: 0
  m_Sprite: {fileID: 21300000, guid: 85c60428b4c5d43e09fba7a99e03b286, type: 3}
  m_Color: {r: 0.6594103, g: 0.9716981, b: 0.42626378, a: 1}
  m_FlipX: 0
  m_FlipY: 0
  m_DrawMode: 0
  m_Size: {x: 1, y: 1}
  m_AdaptiveModeThreshold: 0.5
  m_SpriteTileMode: 0
  m_WasSpriteAssigned: 1
  m_MaskInteraction: 0
  m_SpriteSortPoint: 0
--- !u!1 &1630091878887783474
GameObject:
  m_ObjectHideFlags: 0
  m_CorrespondingSourceObject: {fileID: 0}
  m_PrefabInstance: {fileID: 0}
  m_PrefabAsset: {fileID: 0}
  serializedVersion: 6
  m_Component:
  - component: {fileID: 1630091878887783473}
  - component: {fileID: 1630091878887783472}
  - component: {fileID: 336250720851401013}
  m_Layer: 0
  m_Name: SelectorRTS
  m_TagString: Untagged
  m_Icon: {fileID: 0}
  m_NavMeshLayer: 0
  m_StaticEditorFlags: 0
  m_IsActive: 1
--- !u!4 &1630091878887783473
Transform:
  m_ObjectHideFlags: 0
  m_CorrespondingSourceObject: {fileID: 0}
  m_PrefabInstance: {fileID: 0}
  m_PrefabAsset: {fileID: 0}
  m_GameObject: {fileID: 1630091878887783474}
  m_LocalRotation: {x: -0, y: -0, z: -0, w: 1}
  m_LocalPosition: {x: 0, y: 0, z: 0}
  m_LocalScale: {x: 1, y: 1, z: 1}
  m_Children:
  - {fileID: 494487572030605341}
  - {fileID: 336250720610836570}
  - {fileID: 336250720155713756}
  m_Father: {fileID: 7376257123814186258}
  m_RootOrder: 8
  m_LocalEulerAnglesHint: {x: 0, y: 0, z: 0}
--- !u!114 &1630091878887783472
MonoBehaviour:
  m_ObjectHideFlags: 0
  m_CorrespondingSourceObject: {fileID: 0}
  m_PrefabInstance: {fileID: 0}
  m_PrefabAsset: {fileID: 0}
  m_GameObject: {fileID: 1630091878887783474}
  m_Enabled: 1
  m_EditorHideFlags: 0
  m_Script: {fileID: 11500000, guid: e0d980261c07b491d9ab103bc5816a79, type: 3}
  m_Name: 
  m_EditorClassIdentifier: 
  _selectSquareImage: {fileID: 336250721133153711}
  _targetObject: {fileID: 494487572030605338}
  _mask:
    serializedVersion: 2
    m_Bits: 532256
  _maskMinimap:
    serializedVersion: 2
    m_Bits: 1048576
  _team: 0
  _group: 0
  _selectables: []
  _objectsSelected: []
  _troopsSelected: []
  _buildingsSelected: []
  _cameraSpeed: 0
--- !u!114 &336250720851401013
MonoBehaviour:
  m_ObjectHideFlags: 0
  m_CorrespondingSourceObject: {fileID: 0}
  m_PrefabInstance: {fileID: 0}
  m_PrefabAsset: {fileID: 0}
  m_GameObject: {fileID: 1630091878887783474}
  m_Enabled: 1
  m_EditorHideFlags: 0
  m_Script: {fileID: 11500000, guid: ebee1500a8def46109783b8fba3dfe61, type: 3}
  m_Name: 
  m_EditorClassIdentifier: 
--- !u!1 &2354265133308355645
GameObject:
  m_ObjectHideFlags: 0
  m_CorrespondingSourceObject: {fileID: 0}
  m_PrefabInstance: {fileID: 0}
  m_PrefabAsset: {fileID: 0}
  serializedVersion: 6
  m_Component:
  - component: {fileID: 7623929282303161976}
  - component: {fileID: 4664497541454604660}
  - component: {fileID: 4171035157267177606}
  m_Layer: 0
  m_Name: OnlineManager
  m_TagString: Untagged
  m_Icon: {fileID: 0}
  m_NavMeshLayer: 0
  m_StaticEditorFlags: 0
  m_IsActive: 1
--- !u!4 &7623929282303161976
Transform:
  m_ObjectHideFlags: 0
  m_CorrespondingSourceObject: {fileID: 0}
  m_PrefabInstance: {fileID: 0}
  m_PrefabAsset: {fileID: 0}
  m_GameObject: {fileID: 2354265133308355645}
  m_LocalRotation: {x: 0, y: 0, z: 0, w: 1}
  m_LocalPosition: {x: 0, y: 0, z: 0}
  m_LocalScale: {x: 1, y: 1, z: 1}
  m_Children: []
  m_Father: {fileID: 7376257123814186258}
  m_RootOrder: 11
  m_LocalEulerAnglesHint: {x: 0, y: 0, z: 0}
--- !u!114 &4664497541454604660
MonoBehaviour:
  m_ObjectHideFlags: 0
  m_CorrespondingSourceObject: {fileID: 0}
  m_PrefabInstance: {fileID: 0}
  m_PrefabAsset: {fileID: 0}
  m_GameObject: {fileID: 2354265133308355645}
  m_Enabled: 1
  m_EditorHideFlags: 0
  m_Script: {fileID: 11500000, guid: 7bd0badb8b5c4644ca4202be2ff1e762, type: 3}
  m_Name: 
  m_EditorClassIdentifier: 
  _queen: {fileID: 6402506378046781125, guid: b73b665a7579e482d8df494cb12504c6, type: 3}
  _distanceTroop: {fileID: 6402506378046781125, guid: 5ecfb0b22b90740edb82a80eb421d669,
    type: 3}
  _meleeTroop: {fileID: 6402506378046781125, guid: 213e5d71138728f4d9935d7cfebc5a25,
    type: 3}
  _airTroop: {fileID: 6402506378046781125, guid: 2c9aa0a94788c4749b834845649594f8,
    type: 3}
  _gatherer: {fileID: 6402506378046781125, guid: ad1f0272f49944ee5862d933e3e01e48,
    type: 3}
  SpawnPositions:
  - {fileID: 0}
  - {fileID: 0}
  - {fileID: 0}
  - {fileID: 0}
  debug: 1
  Show: 1
--- !u!114 &4171035157267177606
MonoBehaviour:
  m_ObjectHideFlags: 0
  m_CorrespondingSourceObject: {fileID: 0}
  m_PrefabInstance: {fileID: 0}
  m_PrefabAsset: {fileID: 0}
  m_GameObject: {fileID: 2354265133308355645}
  m_Enabled: 1
  m_EditorHideFlags: 0
  m_Script: {fileID: 11500000, guid: ebee1500a8def46109783b8fba3dfe61, type: 3}
  m_Name: 
  m_EditorClassIdentifier: 
--- !u!1 &5362636196339710628
GameObject:
  m_ObjectHideFlags: 0
  m_CorrespondingSourceObject: {fileID: 0}
  m_PrefabInstance: {fileID: 0}
  m_PrefabAsset: {fileID: 0}
  serializedVersion: 6
  m_Component:
  - component: {fileID: 5362636196339710629}
  m_Layer: 0
  m_Name: BuildsParent
  m_TagString: Untagged
  m_Icon: {fileID: 0}
  m_NavMeshLayer: 0
  m_StaticEditorFlags: 0
  m_IsActive: 1
--- !u!4 &5362636196339710629
Transform:
  m_ObjectHideFlags: 0
  m_CorrespondingSourceObject: {fileID: 0}
  m_PrefabInstance: {fileID: 0}
  m_PrefabAsset: {fileID: 0}
  m_GameObject: {fileID: 5362636196339710628}
  m_LocalRotation: {x: -0, y: -0, z: -0, w: 1}
  m_LocalPosition: {x: 0, y: 0, z: 0}
  m_LocalScale: {x: 1, y: 1, z: 1}
  m_Children: []
  m_Father: {fileID: 7376257123814186258}
  m_RootOrder: 9
  m_LocalEulerAnglesHint: {x: 0, y: 0, z: 0}
--- !u!1 &5795329278994427435
GameObject:
  m_ObjectHideFlags: 0
  m_CorrespondingSourceObject: {fileID: 0}
  m_PrefabInstance: {fileID: 0}
  m_PrefabAsset: {fileID: 0}
  serializedVersion: 6
  m_Component:
  - component: {fileID: 5795329278994427432}
  - component: {fileID: 5795329278994427433}
  m_Layer: 0
  m_Name: PoolManager
  m_TagString: Untagged
  m_Icon: {fileID: 0}
  m_NavMeshLayer: 0
  m_StaticEditorFlags: 0
  m_IsActive: 1
--- !u!4 &5795329278994427432
Transform:
  m_ObjectHideFlags: 0
  m_CorrespondingSourceObject: {fileID: 0}
  m_PrefabInstance: {fileID: 0}
  m_PrefabAsset: {fileID: 0}
  m_GameObject: {fileID: 5795329278994427435}
  m_LocalRotation: {x: 0, y: 0, z: 0, w: 1}
  m_LocalPosition: {x: 0, y: 0, z: 0}
  m_LocalScale: {x: 1, y: 1, z: 1}
  m_Children: []
  m_Father: {fileID: 7376257123814186258}
  m_RootOrder: 4
  m_LocalEulerAnglesHint: {x: 0, y: 0, z: 0}
--- !u!114 &5795329278994427433
MonoBehaviour:
  m_ObjectHideFlags: 0
  m_CorrespondingSourceObject: {fileID: 0}
  m_PrefabInstance: {fileID: 0}
  m_PrefabAsset: {fileID: 0}
  m_GameObject: {fileID: 5795329278994427435}
  m_Enabled: 1
  m_EditorHideFlags: 0
  m_Script: {fileID: 11500000, guid: b59253566f329bd4c9b83b4e35f98950, type: 3}
  m_Name: 
  m_EditorClassIdentifier: 
--- !u!1 &5795329279218163188
GameObject:
  m_ObjectHideFlags: 0
  m_CorrespondingSourceObject: {fileID: 0}
  m_PrefabInstance: {fileID: 0}
  m_PrefabAsset: {fileID: 0}
  serializedVersion: 6
  m_Component:
  - component: {fileID: 5795329279218163189}
  - component: {fileID: 5795329279218163186}
  m_Layer: 0
  m_Name: ResourceManager
  m_TagString: ResourceManager
  m_Icon: {fileID: 0}
  m_NavMeshLayer: 0
  m_StaticEditorFlags: 0
  m_IsActive: 1
--- !u!4 &5795329279218163189
Transform:
  m_ObjectHideFlags: 0
  m_CorrespondingSourceObject: {fileID: 0}
  m_PrefabInstance: {fileID: 0}
  m_PrefabAsset: {fileID: 0}
  m_GameObject: {fileID: 5795329279218163188}
  m_LocalRotation: {x: 0, y: 0, z: 0, w: 1}
  m_LocalPosition: {x: 0, y: 0, z: 0}
  m_LocalScale: {x: 1, y: 1, z: 1}
  m_Children: []
  m_Father: {fileID: 7376257123814186258}
  m_RootOrder: 3
  m_LocalEulerAnglesHint: {x: 0, y: 0, z: 0}
--- !u!114 &5795329279218163186
MonoBehaviour:
  m_ObjectHideFlags: 0
  m_CorrespondingSourceObject: {fileID: 0}
  m_PrefabInstance: {fileID: 0}
  m_PrefabAsset: {fileID: 0}
  m_GameObject: {fileID: 5795329279218163188}
  m_Enabled: 1
  m_EditorHideFlags: 0
  m_Script: {fileID: 11500000, guid: 1b9235bec724a412b98bfafc6ba1986d, type: 3}
  m_Name: 
  m_EditorClassIdentifier: 
  _energyText: {fileID: 0}
  _biomassText: {fileID: 0}
  _foodText: {fileID: 0}
  _energy: 0
  _biomass: 0
  _food: 0
  listOfButtons:
  - {fileID: 0}
  - {fileID: 0}
  - {fileID: 0}
  - {fileID: 0}
  isTutorial: 0
--- !u!1 &5795329279257361386
GameObject:
  m_ObjectHideFlags: 0
  m_CorrespondingSourceObject: {fileID: 0}
  m_PrefabInstance: {fileID: 0}
  m_PrefabAsset: {fileID: 0}
  serializedVersion: 6
  m_Component:
  - component: {fileID: 5795329279257361387}
  - component: {fileID: 5795329279257361384}
  m_Layer: 0
  m_Name: MoraleController
  m_TagString: Untagged
  m_Icon: {fileID: 0}
  m_NavMeshLayer: 0
  m_StaticEditorFlags: 0
  m_IsActive: 1
--- !u!4 &5795329279257361387
Transform:
  m_ObjectHideFlags: 0
  m_CorrespondingSourceObject: {fileID: 0}
  m_PrefabInstance: {fileID: 0}
  m_PrefabAsset: {fileID: 0}
  m_GameObject: {fileID: 5795329279257361386}
  m_LocalRotation: {x: 0, y: 0, z: 0, w: 1}
  m_LocalPosition: {x: 0, y: 0, z: 0}
  m_LocalScale: {x: 1, y: 1, z: 1}
  m_Children: []
  m_Father: {fileID: 7376257123814186258}
  m_RootOrder: 6
  m_LocalEulerAnglesHint: {x: 0, y: 0, z: 0}
--- !u!114 &5795329279257361384
MonoBehaviour:
  m_ObjectHideFlags: 0
  m_CorrespondingSourceObject: {fileID: 0}
  m_PrefabInstance: {fileID: 0}
  m_PrefabAsset: {fileID: 0}
  m_GameObject: {fileID: 5795329279257361386}
  m_Enabled: 1
  m_EditorHideFlags: 0
  m_Script: {fileID: 11500000, guid: 9579a37b426510e448745897ac02e73a, type: 3}
  m_Name: 
  m_EditorClassIdentifier: 
  MoraleImage: {fileID: 0}
  MoraleStatsMelee:
    MaxIncreaseDamage: 10
    MaxIncreaseSpeedAttack: 10
    MaxIncreaseScale: 1
  MoraleStatsDistance:
    MaxIncreaseDamage: 10
    MaxIncreaseSpeedAttack: 10
    MaxIncreaseScale: 1
  MoraleStatsAir:
    MaxIncreaseDamage: 10
    MaxIncreaseSpeedAttack: 10
    MaxIncreaseScale: 1
  InitialMorale: 100
  InitialTimeToDecreaseMorale: 1
  DecreaseValuePerSecond: 0.5
  IncreaseValuePerAttack: 1
--- !u!1 &5795329279290117655
GameObject:
  m_ObjectHideFlags: 0
  m_CorrespondingSourceObject: {fileID: 0}
  m_PrefabInstance: {fileID: 0}
  m_PrefabAsset: {fileID: 0}
  serializedVersion: 6
  m_Component:
  - component: {fileID: 5795329279290117652}
  - component: {fileID: 5795329279290117653}
  m_Layer: 0
  m_Name: ShortcutsSelectable
  m_TagString: Untagged
  m_Icon: {fileID: 0}
  m_NavMeshLayer: 0
  m_StaticEditorFlags: 0
  m_IsActive: 1
--- !u!4 &5795329279290117652
Transform:
  m_ObjectHideFlags: 0
  m_CorrespondingSourceObject: {fileID: 0}
  m_PrefabInstance: {fileID: 0}
  m_PrefabAsset: {fileID: 0}
  m_GameObject: {fileID: 5795329279290117655}
  m_LocalRotation: {x: 0, y: 0, z: 0, w: 1}
  m_LocalPosition: {x: 0, y: 0, z: 0}
  m_LocalScale: {x: 1, y: 1, z: 1}
  m_Children: []
  m_Father: {fileID: 7376257123814186258}
  m_RootOrder: 7
  m_LocalEulerAnglesHint: {x: 0, y: 0, z: 0}
--- !u!114 &5795329279290117653
MonoBehaviour:
  m_ObjectHideFlags: 0
  m_CorrespondingSourceObject: {fileID: 0}
  m_PrefabInstance: {fileID: 0}
  m_PrefabAsset: {fileID: 0}
  m_GameObject: {fileID: 5795329279290117655}
  m_Enabled: 1
  m_EditorHideFlags: 0
  m_Script: {fileID: 11500000, guid: 5b78bc9055c794bb18faac4ecb548392, type: 3}
  m_Name: 
  m_EditorClassIdentifier: 
--- !u!1 &5795329279607293277
GameObject:
  m_ObjectHideFlags: 0
  m_CorrespondingSourceObject: {fileID: 0}
  m_PrefabInstance: {fileID: 0}
  m_PrefabAsset: {fileID: 0}
  serializedVersion: 6
  m_Component:
  - component: {fileID: 5795329279607293274}
  - component: {fileID: 5795329279607293275}
  m_Layer: 0
  m_Name: InputManager
  m_TagString: Untagged
  m_Icon: {fileID: 0}
  m_NavMeshLayer: 0
  m_StaticEditorFlags: 0
  m_IsActive: 1
--- !u!4 &5795329279607293274
Transform:
  m_ObjectHideFlags: 0
  m_CorrespondingSourceObject: {fileID: 0}
  m_PrefabInstance: {fileID: 0}
  m_PrefabAsset: {fileID: 0}
  m_GameObject: {fileID: 5795329279607293277}
  m_LocalRotation: {x: 0, y: 0, z: 0, w: 1}
  m_LocalPosition: {x: 0, y: 0, z: 0}
  m_LocalScale: {x: 1, y: 1, z: 1}
  m_Children: []
  m_Father: {fileID: 7376257123814186258}
  m_RootOrder: 5
  m_LocalEulerAnglesHint: {x: 0, y: 0, z: 0}
--- !u!114 &5795329279607293275
MonoBehaviour:
  m_ObjectHideFlags: 0
  m_CorrespondingSourceObject: {fileID: 0}
  m_PrefabInstance: {fileID: 0}
  m_PrefabAsset: {fileID: 0}
  m_GameObject: {fileID: 5795329279607293277}
  m_Enabled: 1
  m_EditorHideFlags: 0
  m_Script: {fileID: 11500000, guid: 9ad406e864b2af74d81806b83c9eaa42, type: 3}
  m_Name: 
  m_EditorClassIdentifier: 
  PlaceBuild: 323
  CancelBuild: 324
  SelectBuild: 0
  DeselectBuild: 0
  SelectionKey: 323
  AddToSelectionKey: 306
  CommandKey: 324
  AttackMoveKey: 306
  RemoveToSelectionKey: 304
  MoveUpKey: 273
  MoveDownKey: 274
  MoveLeftKey: 276
  MoveRightKey: 275
  GathererTroopsKey: 49
  WarriorTroopsKey: 50
  MeleeTroopsKey: 51
  DistanceTroopsKey: 52
  AirTroopsKey: 53
  QueenKey: 54
  MeleeBuildingKey: 55
  DistanceBuildingKey: 56
  AirBuildingKey: 57
  TroopsKey: 48
--- !u!1 &7376257123063399887
GameObject:
  m_ObjectHideFlags: 0
  m_CorrespondingSourceObject: {fileID: 0}
  m_PrefabInstance: {fileID: 0}
  m_PrefabAsset: {fileID: 0}
  serializedVersion: 6
  m_Component:
  - component: {fileID: 7376257123063399886}
  - component: {fileID: 7376257123063399885}
  m_Layer: 0
  m_Name: BuildManager
  m_TagString: Untagged
  m_Icon: {fileID: 0}
  m_NavMeshLayer: 0
  m_StaticEditorFlags: 0
  m_IsActive: 1
--- !u!4 &7376257123063399886
Transform:
  m_ObjectHideFlags: 0
  m_CorrespondingSourceObject: {fileID: 0}
  m_PrefabInstance: {fileID: 0}
  m_PrefabAsset: {fileID: 0}
  m_GameObject: {fileID: 7376257123063399887}
  m_LocalRotation: {x: 0, y: 0, z: 0, w: 1}
  m_LocalPosition: {x: 0, y: 0, z: 0}
  m_LocalScale: {x: 1, y: 1, z: 1}
  m_Children: []
  m_Father: {fileID: 7376257123814186258}
  m_RootOrder: 1
  m_LocalEulerAnglesHint: {x: 0, y: 0, z: 0}
--- !u!114 &7376257123063399885
MonoBehaviour:
  m_ObjectHideFlags: 0
  m_CorrespondingSourceObject: {fileID: 0}
  m_PrefabInstance: {fileID: 0}
  m_PrefabAsset: {fileID: 0}
  m_GameObject: {fileID: 7376257123063399887}
  m_Enabled: 1
  m_EditorHideFlags: 0
  m_Script: {fileID: 11500000, guid: 8c2aca3b57f13734cb7daece39458312, type: 3}
  m_Name: 
  m_EditorClassIdentifier: 
  BuildableColor: {r: 0, g: 1, b: 0.00427413, a: 0.4509804}
  UnbuildableColor: {r: 1, g: 0, b: 0.12657738, a: 0.4509804}
--- !u!1 &7376257123106590058
GameObject:
  m_ObjectHideFlags: 0
  m_CorrespondingSourceObject: {fileID: 0}
  m_PrefabInstance: {fileID: 0}
  m_PrefabAsset: {fileID: 0}
  serializedVersion: 6
  m_Component:
  - component: {fileID: 7376257123106590057}
  - component: {fileID: 7376257123106590056}
  m_Layer: 0
  m_Name: ParentManager
  m_TagString: Untagged
  m_Icon: {fileID: 0}
  m_NavMeshLayer: 0
  m_StaticEditorFlags: 0
  m_IsActive: 1
--- !u!4 &7376257123106590057
Transform:
  m_ObjectHideFlags: 0
  m_CorrespondingSourceObject: {fileID: 0}
  m_PrefabInstance: {fileID: 0}
  m_PrefabAsset: {fileID: 0}
  m_GameObject: {fileID: 7376257123106590058}
  m_LocalRotation: {x: 0, y: 0, z: 0, w: 1}
  m_LocalPosition: {x: 0, y: 0, z: 0}
  m_LocalScale: {x: 1, y: 1, z: 1}
  m_Children: []
  m_Father: {fileID: 7376257123814186258}
  m_RootOrder: 0
  m_LocalEulerAnglesHint: {x: 0, y: 0, z: 0}
--- !u!114 &7376257123106590056
MonoBehaviour:
  m_ObjectHideFlags: 0
  m_CorrespondingSourceObject: {fileID: 0}
  m_PrefabInstance: {fileID: 0}
  m_PrefabAsset: {fileID: 0}
  m_GameObject: {fileID: 7376257123106590058}
  m_Enabled: 1
  m_EditorHideFlags: 0
  m_Script: {fileID: 11500000, guid: 689ab02c627168f4e88e4e10819c8b77, type: 3}
  m_Name: 
  m_EditorClassIdentifier: 
  BuildParent: {fileID: 5362636196339710629}
--- !u!1 &7376257123814186259
GameObject:
  m_ObjectHideFlags: 0
  m_CorrespondingSourceObject: {fileID: 0}
  m_PrefabInstance: {fileID: 0}
  m_PrefabAsset: {fileID: 0}
  serializedVersion: 6
  m_Component:
  - component: {fileID: 7376257123814186258}
  m_Layer: 0
  m_Name: -- MANAGERS --
  m_TagString: Untagged
  m_Icon: {fileID: 0}
  m_NavMeshLayer: 0
  m_StaticEditorFlags: 0
  m_IsActive: 1
--- !u!4 &7376257123814186258
Transform:
  m_ObjectHideFlags: 0
  m_CorrespondingSourceObject: {fileID: 0}
  m_PrefabInstance: {fileID: 0}
  m_PrefabAsset: {fileID: 0}
  m_GameObject: {fileID: 7376257123814186259}
  m_LocalRotation: {x: 0, y: 0, z: 0, w: 1}
  m_LocalPosition: {x: 0, y: 0, z: 0}
  m_LocalScale: {x: 1, y: 1, z: 1}
  m_Children:
  - {fileID: 7376257123106590057}
  - {fileID: 7376257123063399886}
  - {fileID: 7376257124232621425}
  - {fileID: 5795329279218163189}
  - {fileID: 5795329278994427432}
  - {fileID: 5795329279607293274}
  - {fileID: 5795329279257361387}
  - {fileID: 5795329279290117652}
  - {fileID: 1630091878887783473}
  - {fileID: 5362636196339710629}
  - {fileID: 336250720951388853}
  - {fileID: 7623929282303161976}
  - {fileID: 8066269437037895511}
  - {fileID: 5090179253022409818}
  - {fileID: 2056829349903075512}
  m_Father: {fileID: 0}
  m_RootOrder: 0
  m_LocalEulerAnglesHint: {x: 0, y: 0, z: 0}
--- !u!1 &7376257124232621426
GameObject:
  m_ObjectHideFlags: 0
  m_CorrespondingSourceObject: {fileID: 0}
  m_PrefabInstance: {fileID: 0}
  m_PrefabAsset: {fileID: 0}
  serializedVersion: 6
  m_Component:
  - component: {fileID: 7376257124232621425}
  - component: {fileID: 7376257124232621424}
  m_Layer: 0
  m_Name: CanvasManager
  m_TagString: Untagged
  m_Icon: {fileID: 0}
  m_NavMeshLayer: 0
  m_StaticEditorFlags: 0
  m_IsActive: 1
--- !u!4 &7376257124232621425
Transform:
  m_ObjectHideFlags: 0
  m_CorrespondingSourceObject: {fileID: 0}
  m_PrefabInstance: {fileID: 0}
  m_PrefabAsset: {fileID: 0}
  m_GameObject: {fileID: 7376257124232621426}
  m_LocalRotation: {x: 0, y: 0, z: 0, w: 1}
  m_LocalPosition: {x: 0, y: 0, z: 0}
  m_LocalScale: {x: 1, y: 1, z: 1}
  m_Children: []
  m_Father: {fileID: 7376257123814186258}
  m_RootOrder: 2
  m_LocalEulerAnglesHint: {x: 0, y: 0, z: 0}
--- !u!114 &7376257124232621424
MonoBehaviour:
  m_ObjectHideFlags: 0
  m_CorrespondingSourceObject: {fileID: 0}
  m_PrefabInstance: {fileID: 0}
  m_PrefabAsset: {fileID: 0}
  m_GameObject: {fileID: 7376257124232621426}
  m_Enabled: 1
  m_EditorHideFlags: 0
  m_Script: {fileID: 11500000, guid: b7fe46f775c6b7149b94633a18346ecd, type: 3}
  m_Name: 
  m_EditorClassIdentifier: 
  BuildPanel: {fileID: 0}
  InfoPanel: {fileID: 0}
  InfoGroupPanel: {fileID: 0}
  InfoGroupPanelCompact: {fileID: 0}
  HealthText: {fileID: 0}
  HealthSlider: {fileID: 0}
  SliderFill: {fileID: 0}
  SliderHandle: {fileID: 0}
  RepairButton: {fileID: 0}
  SelectableName: {fileID: 0}
  SelectableImage: {fileID: 0}
  SelectableDescription: {fileID: 0}
  SelectableHealth: {fileID: 0}
  SelectableHealthText: {fileID: 0}
  AnthillPanel: {fileID: 0}
  FlyhomePanel: {fileID: 0}
  SlughomePanel: {fileID: 0}
  TurretPanel: {fileID: 0}
  ActionsPanel: {fileID: 0}
  BuildUpgradesPanel: {fileID: 0}
  TurretUpgradesPanel: {fileID: 0}
  AuxPanel: {fileID: 0}
  UnitImage: {fileID: 0}
  AttackTxt: {fileID: 0}
  HealthTxt: {fileID: 0}
  SpeedTxt: {fileID: 0}
  HeaderBuildUpgradesText: {fileID: 0}
  HeaderTurretUpgradesText: {fileID: 0}
  TimeUpgradeButtons:
  - {fileID: 0}
  TroopUpgradeButtons:
  - {fileID: 0}
  HealthUpgradeButtons:
  - {fileID: 0}
  DamageUpgradeButtons:
  - {fileID: 0}
  NameText: {fileID: 0}
  DescriptionText: {fileID: 0}
  CostText: {fileID: 0}
  TimeText: {fileID: 0}
  _icons: []
  _healths: []
--- !u!1001 &336250720328318118
PrefabInstance:
  m_ObjectHideFlags: 0
  serializedVersion: 2
  m_Modification:
    m_TransformParent: {fileID: 7376257123814186258}
    m_Modifications:
    - target: {fileID: 1432114209129325423, guid: 7a88a0ad7b99543f5b87d129c3277f1d,
        type: 3}
      propertyPath: lineWidth
      value: 0.003
      objectReference: {fileID: 0}
    - target: {fileID: 1432114209129325423, guid: 7a88a0ad7b99543f5b87d129c3277f1d,
        type: 3}
      propertyPath: mapCollider
      value: 
      objectReference: {fileID: 0}
    - target: {fileID: 1432114209129325423, guid: 7a88a0ad7b99543f5b87d129c3277f1d,
        type: 3}
      propertyPath: colorCamera.a
      value: 1
      objectReference: {fileID: 0}
    - target: {fileID: 4150750933216204969, guid: 7a88a0ad7b99543f5b87d129c3277f1d,
        type: 3}
      propertyPath: m_Layer
      value: 24
      objectReference: {fileID: 0}
    - target: {fileID: 4150750933216204973, guid: 7a88a0ad7b99543f5b87d129c3277f1d,
        type: 3}
      propertyPath: m_LocalScale.x
      value: 40
      objectReference: {fileID: 0}
    - target: {fileID: 4150750933216204973, guid: 7a88a0ad7b99543f5b87d129c3277f1d,
        type: 3}
      propertyPath: m_LocalScale.z
      value: 40
      objectReference: {fileID: 0}
    - target: {fileID: 4150750933216204975, guid: 7a88a0ad7b99543f5b87d129c3277f1d,
        type: 3}
      propertyPath: m_Materials.Array.data[0]
      value: 
      objectReference: {fileID: 2100000, guid: bd54705df39ea41c28927c1bd73f3936, type: 2}
    - target: {fileID: 4758450138049263868, guid: 7a88a0ad7b99543f5b87d129c3277f1d,
        type: 3}
      propertyPath: m_RootOrder
      value: 13
      objectReference: {fileID: 0}
    - target: {fileID: 4758450138049263868, guid: 7a88a0ad7b99543f5b87d129c3277f1d,
        type: 3}
      propertyPath: m_LocalPosition.x
      value: 0
      objectReference: {fileID: 0}
    - target: {fileID: 4758450138049263868, guid: 7a88a0ad7b99543f5b87d129c3277f1d,
        type: 3}
      propertyPath: m_LocalPosition.y
      value: 15
      objectReference: {fileID: 0}
    - target: {fileID: 4758450138049263868, guid: 7a88a0ad7b99543f5b87d129c3277f1d,
        type: 3}
      propertyPath: m_LocalPosition.z
      value: 0
      objectReference: {fileID: 0}
    - target: {fileID: 4758450138049263868, guid: 7a88a0ad7b99543f5b87d129c3277f1d,
        type: 3}
      propertyPath: m_LocalRotation.w
      value: 1
      objectReference: {fileID: 0}
    - target: {fileID: 4758450138049263868, guid: 7a88a0ad7b99543f5b87d129c3277f1d,
        type: 3}
      propertyPath: m_LocalRotation.x
      value: -0
      objectReference: {fileID: 0}
    - target: {fileID: 4758450138049263868, guid: 7a88a0ad7b99543f5b87d129c3277f1d,
        type: 3}
      propertyPath: m_LocalRotation.y
      value: -0
      objectReference: {fileID: 0}
    - target: {fileID: 4758450138049263868, guid: 7a88a0ad7b99543f5b87d129c3277f1d,
        type: 3}
      propertyPath: m_LocalRotation.z
      value: -0
      objectReference: {fileID: 0}
    - target: {fileID: 4758450138049263868, guid: 7a88a0ad7b99543f5b87d129c3277f1d,
        type: 3}
      propertyPath: m_LocalEulerAnglesHint.x
      value: 0
      objectReference: {fileID: 0}
    - target: {fileID: 4758450138049263868, guid: 7a88a0ad7b99543f5b87d129c3277f1d,
        type: 3}
      propertyPath: m_LocalEulerAnglesHint.y
      value: 0
      objectReference: {fileID: 0}
    - target: {fileID: 4758450138049263868, guid: 7a88a0ad7b99543f5b87d129c3277f1d,
        type: 3}
      propertyPath: m_LocalEulerAnglesHint.z
      value: 0
      objectReference: {fileID: 0}
    - target: {fileID: 4839595589327867190, guid: 7a88a0ad7b99543f5b87d129c3277f1d,
        type: 3}
      propertyPath: m_Layer
      value: 24
      objectReference: {fileID: 0}
    - target: {fileID: 4839595589327867190, guid: 7a88a0ad7b99543f5b87d129c3277f1d,
        type: 3}
      propertyPath: m_IsActive
      value: 1
      objectReference: {fileID: 0}
    - target: {fileID: 6287322599749744798, guid: 7a88a0ad7b99543f5b87d129c3277f1d,
        type: 3}
      propertyPath: m_Layer
      value: 24
      objectReference: {fileID: 0}
    - target: {fileID: 6287322599749744799, guid: 7a88a0ad7b99543f5b87d129c3277f1d,
        type: 3}
      propertyPath: orthographic size
      value: 200
      objectReference: {fileID: 0}
    - target: {fileID: 6287322599749744799, guid: 7a88a0ad7b99543f5b87d129c3277f1d,
        type: 3}
      propertyPath: m_CullingMask.m_Bits
      value: 8388608
      objectReference: {fileID: 0}
    - target: {fileID: 6876608320483227180, guid: 7a88a0ad7b99543f5b87d129c3277f1d,
        type: 3}
      propertyPath: orthographic size
      value: 150
      objectReference: {fileID: 0}
    - target: {fileID: 6876608320483227180, guid: 7a88a0ad7b99543f5b87d129c3277f1d,
        type: 3}
      propertyPath: m_CullingMask.m_Bits
      value: 18350848
      objectReference: {fileID: 0}
    - target: {fileID: 6876608320483227181, guid: 7a88a0ad7b99543f5b87d129c3277f1d,
        type: 3}
      propertyPath: m_Layer
      value: 20
      objectReference: {fileID: 0}
    - target: {fileID: 7693885051530592770, guid: 7a88a0ad7b99543f5b87d129c3277f1d,
        type: 3}
      propertyPath: _fog
      value: 
      objectReference: {fileID: 4409296459767899147}
    - target: {fileID: 7693885051530592770, guid: 7a88a0ad7b99543f5b87d129c3277f1d,
        type: 3}
      propertyPath: _sizeFactor
      value: 200
      objectReference: {fileID: 0}
    - target: {fileID: 7693885051530592770, guid: 7a88a0ad7b99543f5b87d129c3277f1d,
        type: 3}
      propertyPath: _mainCameraOfFog
      value: 
      objectReference: {fileID: 7722141949672608490}
    - target: {fileID: 7693885051530592770, guid: 7a88a0ad7b99543f5b87d129c3277f1d,
        type: 3}
      propertyPath: _secondaryCameraOfFog
      value: 
      objectReference: {fileID: 6047090375678297145}
    - target: {fileID: 8034444889997684300, guid: 7a88a0ad7b99543f5b87d129c3277f1d,
        type: 3}
      propertyPath: orthographic size
      value: 200
      objectReference: {fileID: 0}
    - target: {fileID: 8034444889997684300, guid: 7a88a0ad7b99543f5b87d129c3277f1d,
        type: 3}
      propertyPath: m_CullingMask.m_Bits
      value: 4194304
      objectReference: {fileID: 0}
    - target: {fileID: 8034444889997684301, guid: 7a88a0ad7b99543f5b87d129c3277f1d,
        type: 3}
      propertyPath: m_Layer
      value: 24
      objectReference: {fileID: 0}
    - target: {fileID: 8342699877805397334, guid: 7a88a0ad7b99543f5b87d129c3277f1d,
        type: 3}
      propertyPath: m_Name
      value: MinimapWithFog
      objectReference: {fileID: 0}
    - target: {fileID: 8342699877805397334, guid: 7a88a0ad7b99543f5b87d129c3277f1d,
        type: 3}
      propertyPath: m_Layer
      value: 20
      objectReference: {fileID: 0}
    - target: {fileID: 8342699877805397334, guid: 7a88a0ad7b99543f5b87d129c3277f1d,
        type: 3}
      propertyPath: m_IsActive
      value: 1
      objectReference: {fileID: 0}
    m_RemovedComponents: []
  m_SourcePrefab: {fileID: 100100000, guid: 7a88a0ad7b99543f5b87d129c3277f1d, type: 3}
--- !u!4 &5090179253022409818 stripped
Transform:
  m_CorrespondingSourceObject: {fileID: 4758450138049263868, guid: 7a88a0ad7b99543f5b87d129c3277f1d,
    type: 3}
  m_PrefabInstance: {fileID: 336250720328318118}
  m_PrefabAsset: {fileID: 0}
--- !u!1 &6612415559399541387 stripped
GameObject:
  m_CorrespondingSourceObject: {fileID: 6876608320483227181, guid: 7a88a0ad7b99543f5b87d129c3277f1d,
    type: 3}
  m_PrefabInstance: {fileID: 336250720328318118}
  m_PrefabAsset: {fileID: 0}
--- !u!20 &7722141949672608490 stripped
Camera:
  m_CorrespondingSourceObject: {fileID: 8034444889997684300, guid: 7a88a0ad7b99543f5b87d129c3277f1d,
    type: 3}
  m_PrefabInstance: {fileID: 336250720328318118}
  m_PrefabAsset: {fileID: 0}
--- !u!20 &6047090375678297145 stripped
Camera:
  m_CorrespondingSourceObject: {fileID: 6287322599749744799, guid: 7a88a0ad7b99543f5b87d129c3277f1d,
    type: 3}
  m_PrefabInstance: {fileID: 336250720328318118}
  m_PrefabAsset: {fileID: 0}
--- !u!4 &4409296459767899147 stripped
Transform:
  m_CorrespondingSourceObject: {fileID: 4150750933216204973, guid: 7a88a0ad7b99543f5b87d129c3277f1d,
    type: 3}
  m_PrefabInstance: {fileID: 336250720328318118}
  m_PrefabAsset: {fileID: 0}
--- !u!114 &336250720851401020
MonoBehaviour:
  m_ObjectHideFlags: 0
  m_CorrespondingSourceObject: {fileID: 0}
  m_PrefabInstance: {fileID: 0}
  m_PrefabAsset: {fileID: 0}
  m_GameObject: {fileID: 6612415559399541387}
  m_Enabled: 1
  m_EditorHideFlags: 0
  m_Script: {fileID: 11500000, guid: a79441f348de89743a2939f4d699eac1, type: 3}
  m_Name: 
  m_EditorClassIdentifier: 
  m_RenderShadows: 1
  m_RequiresDepthTextureOption: 2
  m_RequiresOpaqueTextureOption: 2
  m_CameraType: 0
  m_Cameras: []
  m_RendererIndex: -1
  m_VolumeLayerMask:
    serializedVersion: 2
    m_Bits: 1
  m_VolumeTrigger: {fileID: 0}
  m_VolumeFrameworkUpdateModeOption: 2
  m_RenderPostProcessing: 0
  m_Antialiasing: 0
  m_AntialiasingQuality: 2
  m_StopNaN: 0
  m_Dithering: 0
  m_ClearDepth: 1
  m_AllowXRRendering: 1
  m_RequiresDepthTexture: 0
  m_RequiresColorTexture: 0
  m_Version: 2
--- !u!1001 &336250720930031594
PrefabInstance:
  m_ObjectHideFlags: 0
  serializedVersion: 2
  m_Modification:
    m_TransformParent: {fileID: 7376257123814186258}
    m_Modifications:
    - target: {fileID: 1696820537413538727, guid: e32357d1473ac4ee8ba2db6d59bac752,
        type: 3}
      propertyPath: m_LocalPosition.x
      value: 150
      objectReference: {fileID: 0}
    - target: {fileID: 1759821324384554589, guid: e32357d1473ac4ee8ba2db6d59bac752,
        type: 3}
      propertyPath: m_LocalPosition.x
      value: -145
      objectReference: {fileID: 0}
    - target: {fileID: 1881945931301726255, guid: e32357d1473ac4ee8ba2db6d59bac752,
        type: 3}
      propertyPath: m_LocalPosition.z
      value: -145
      objectReference: {fileID: 0}
    - target: {fileID: 3104359218328644026, guid: e32357d1473ac4ee8ba2db6d59bac752,
        type: 3}
      propertyPath: orthographic size
      value: 15
      objectReference: {fileID: 0}
    - target: {fileID: 3104359218328644026, guid: e32357d1473ac4ee8ba2db6d59bac752,
        type: 3}
      propertyPath: m_CullingMask.m_Bits
      value: 34127649
      objectReference: {fileID: 0}
    - target: {fileID: 3104359218328644027, guid: e32357d1473ac4ee8ba2db6d59bac752,
        type: 3}
      propertyPath: m_LocalPosition.x
      value: 13.9
      objectReference: {fileID: 0}
    - target: {fileID: 3104359218328644027, guid: e32357d1473ac4ee8ba2db6d59bac752,
        type: 3}
      propertyPath: m_LocalPosition.y
      value: 50
      objectReference: {fileID: 0}
    - target: {fileID: 3104359218328644027, guid: e32357d1473ac4ee8ba2db6d59bac752,
        type: 3}
      propertyPath: m_LocalPosition.z
      value: -14.49
      objectReference: {fileID: 0}
    - target: {fileID: 3104359218328644027, guid: e32357d1473ac4ee8ba2db6d59bac752,
        type: 3}
      propertyPath: m_LocalRotation.w
      value: 0.92387956
      objectReference: {fileID: 0}
    - target: {fileID: 3104359218328644027, guid: e32357d1473ac4ee8ba2db6d59bac752,
        type: 3}
      propertyPath: m_LocalRotation.x
      value: 0.38268343
      objectReference: {fileID: 0}
    - target: {fileID: 3104359218328644027, guid: e32357d1473ac4ee8ba2db6d59bac752,
        type: 3}
      propertyPath: m_LocalEulerAnglesHint.x
      value: 45
      objectReference: {fileID: 0}
    - target: {fileID: 5212231447825295892, guid: e32357d1473ac4ee8ba2db6d59bac752,
        type: 3}
      propertyPath: _zoomMax
      value: 30
      objectReference: {fileID: 0}
    - target: {fileID: 5212231447825295892, guid: e32357d1473ac4ee8ba2db6d59bac752,
        type: 3}
      propertyPath: MaxXPoint
      value: 
      objectReference: {fileID: 1380014044250895437}
    - target: {fileID: 5212231447825295892, guid: e32357d1473ac4ee8ba2db6d59bac752,
        type: 3}
      propertyPath: MaxZPoint
      value: 
      objectReference: {fileID: 8070243003769389386}
    - target: {fileID: 5212231447825295892, guid: e32357d1473ac4ee8ba2db6d59bac752,
        type: 3}
      propertyPath: MinXPoint
      value: 
      objectReference: {fileID: 2073553673247107511}
    - target: {fileID: 5212231447825295892, guid: e32357d1473ac4ee8ba2db6d59bac752,
        type: 3}
      propertyPath: MinZPoint
      value: 
      objectReference: {fileID: 2212562527000973253}
    - target: {fileID: 5212231447825295892, guid: e32357d1473ac4ee8ba2db6d59bac752,
        type: 3}
      propertyPath: _movSpeed
      value: 20
      objectReference: {fileID: 0}
    - target: {fileID: 7734327073661085344, guid: e32357d1473ac4ee8ba2db6d59bac752,
        type: 3}
      propertyPath: m_LocalPosition.z
      value: 150
      objectReference: {fileID: 0}
    - target: {fileID: 7735987268967151805, guid: e32357d1473ac4ee8ba2db6d59bac752,
        type: 3}
      propertyPath: m_RootOrder
      value: 12
      objectReference: {fileID: 0}
    - target: {fileID: 7735987268967151805, guid: e32357d1473ac4ee8ba2db6d59bac752,
        type: 3}
      propertyPath: m_LocalPosition.x
      value: 0
      objectReference: {fileID: 0}
    - target: {fileID: 7735987268967151805, guid: e32357d1473ac4ee8ba2db6d59bac752,
        type: 3}
      propertyPath: m_LocalPosition.y
      value: 0
      objectReference: {fileID: 0}
    - target: {fileID: 7735987268967151805, guid: e32357d1473ac4ee8ba2db6d59bac752,
        type: 3}
      propertyPath: m_LocalPosition.z
      value: 0
      objectReference: {fileID: 0}
    - target: {fileID: 7735987268967151805, guid: e32357d1473ac4ee8ba2db6d59bac752,
        type: 3}
      propertyPath: m_LocalRotation.w
      value: 1
      objectReference: {fileID: 0}
    - target: {fileID: 7735987268967151805, guid: e32357d1473ac4ee8ba2db6d59bac752,
        type: 3}
      propertyPath: m_LocalRotation.x
      value: -0
      objectReference: {fileID: 0}
    - target: {fileID: 7735987268967151805, guid: e32357d1473ac4ee8ba2db6d59bac752,
        type: 3}
      propertyPath: m_LocalRotation.y
      value: -0
      objectReference: {fileID: 0}
    - target: {fileID: 7735987268967151805, guid: e32357d1473ac4ee8ba2db6d59bac752,
        type: 3}
      propertyPath: m_LocalRotation.z
      value: -0
      objectReference: {fileID: 0}
    - target: {fileID: 7735987268967151805, guid: e32357d1473ac4ee8ba2db6d59bac752,
        type: 3}
      propertyPath: m_LocalEulerAnglesHint.x
      value: 0
      objectReference: {fileID: 0}
    - target: {fileID: 7735987268967151805, guid: e32357d1473ac4ee8ba2db6d59bac752,
        type: 3}
      propertyPath: m_LocalEulerAnglesHint.y
      value: 0
      objectReference: {fileID: 0}
    - target: {fileID: 7735987268967151805, guid: e32357d1473ac4ee8ba2db6d59bac752,
        type: 3}
      propertyPath: m_LocalEulerAnglesHint.z
      value: 0
      objectReference: {fileID: 0}
    - target: {fileID: 7735987268967151806, guid: e32357d1473ac4ee8ba2db6d59bac752,
        type: 3}
      propertyPath: m_Name
      value: CameraRTS
      objectReference: {fileID: 0}
    m_RemovedComponents: []
  m_SourcePrefab: {fileID: 100100000, guid: e32357d1473ac4ee8ba2db6d59bac752, type: 3}
--- !u!4 &8066269437037895511 stripped
Transform:
  m_CorrespondingSourceObject: {fileID: 7735987268967151805, guid: e32357d1473ac4ee8ba2db6d59bac752,
    type: 3}
  m_PrefabInstance: {fileID: 336250720930031594}
  m_PrefabAsset: {fileID: 0}
--- !u!1 &3440324042327903820 stripped
GameObject:
  m_CorrespondingSourceObject: {fileID: 3104359218328644006, guid: e32357d1473ac4ee8ba2db6d59bac752,
    type: 3}
  m_PrefabInstance: {fileID: 336250720930031594}
  m_PrefabAsset: {fileID: 0}
--- !u!4 &8070243003769389386 stripped
Transform:
  m_CorrespondingSourceObject: {fileID: 7734327073661085344, guid: e32357d1473ac4ee8ba2db6d59bac752,
    type: 3}
  m_PrefabInstance: {fileID: 336250720930031594}
  m_PrefabAsset: {fileID: 0}
--- !u!4 &2212562527000973253 stripped
Transform:
  m_CorrespondingSourceObject: {fileID: 1881945931301726255, guid: e32357d1473ac4ee8ba2db6d59bac752,
    type: 3}
  m_PrefabInstance: {fileID: 336250720930031594}
  m_PrefabAsset: {fileID: 0}
--- !u!4 &2073553673247107511 stripped
Transform:
  m_CorrespondingSourceObject: {fileID: 1759821324384554589, guid: e32357d1473ac4ee8ba2db6d59bac752,
    type: 3}
  m_PrefabInstance: {fileID: 336250720930031594}
  m_PrefabAsset: {fileID: 0}
--- !u!4 &1380014044250895437 stripped
Transform:
  m_CorrespondingSourceObject: {fileID: 1696820537413538727, guid: e32357d1473ac4ee8ba2db6d59bac752,
    type: 3}
  m_PrefabInstance: {fileID: 336250720930031594}
  m_PrefabAsset: {fileID: 0}
--- !u!114 &336250720851401021
MonoBehaviour:
  m_ObjectHideFlags: 0
  m_CorrespondingSourceObject: {fileID: 0}
  m_PrefabInstance: {fileID: 0}
  m_PrefabAsset: {fileID: 0}
  m_GameObject: {fileID: 3440324042327903820}
  m_Enabled: 1
  m_EditorHideFlags: 0
  m_Script: {fileID: 11500000, guid: a79441f348de89743a2939f4d699eac1, type: 3}
  m_Name: 
  m_EditorClassIdentifier: 
  m_RenderShadows: 1
  m_RequiresDepthTextureOption: 2
  m_RequiresOpaqueTextureOption: 2
  m_CameraType: 0
  m_Cameras: []
  m_RendererIndex: -1
  m_VolumeLayerMask:
    serializedVersion: 2
    m_Bits: 1
  m_VolumeTrigger: {fileID: 0}
  m_VolumeFrameworkUpdateModeOption: 2
  m_RenderPostProcessing: 0
  m_Antialiasing: 0
  m_AntialiasingQuality: 2
  m_StopNaN: 0
  m_Dithering: 0
  m_ClearDepth: 1
  m_AllowXRRendering: 1
  m_RequiresDepthTexture: 0
  m_RequiresColorTexture: 0
  m_Version: 2
--- !u!1001 &2261293364848462699
PrefabInstance:
  m_ObjectHideFlags: 0
  serializedVersion: 2
  m_Modification:
    m_TransformParent: {fileID: 494487572030605341}
    m_Modifications:
    - target: {fileID: 5169641237395538142, guid: 27a713338f5b94e4db45ca30fd102255,
        type: 3}
      propertyPath: m_Materials.Array.size
      value: 1
      objectReference: {fileID: 0}
    - target: {fileID: 7095129331176585628, guid: 27a713338f5b94e4db45ca30fd102255,
        type: 3}
      propertyPath: m_RootOrder
      value: 1
      objectReference: {fileID: 0}
    - target: {fileID: 7095129331176585628, guid: 27a713338f5b94e4db45ca30fd102255,
        type: 3}
      propertyPath: m_LocalPosition.x
      value: 0
      objectReference: {fileID: 0}
    - target: {fileID: 7095129331176585628, guid: 27a713338f5b94e4db45ca30fd102255,
        type: 3}
      propertyPath: m_LocalPosition.y
      value: 0
      objectReference: {fileID: 0}
    - target: {fileID: 7095129331176585628, guid: 27a713338f5b94e4db45ca30fd102255,
        type: 3}
      propertyPath: m_LocalPosition.z
      value: 0
      objectReference: {fileID: 0}
    - target: {fileID: 7095129331176585628, guid: 27a713338f5b94e4db45ca30fd102255,
        type: 3}
      propertyPath: m_LocalRotation.w
      value: 0.7071068
      objectReference: {fileID: 0}
    - target: {fileID: 7095129331176585628, guid: 27a713338f5b94e4db45ca30fd102255,
        type: 3}
      propertyPath: m_LocalRotation.x
      value: -0.7071068
      objectReference: {fileID: 0}
    - target: {fileID: 7095129331176585628, guid: 27a713338f5b94e4db45ca30fd102255,
        type: 3}
      propertyPath: m_LocalRotation.y
      value: 0
      objectReference: {fileID: 0}
    - target: {fileID: 7095129331176585628, guid: 27a713338f5b94e4db45ca30fd102255,
        type: 3}
      propertyPath: m_LocalRotation.z
      value: 0
      objectReference: {fileID: 0}
    - target: {fileID: 7095129331176585628, guid: 27a713338f5b94e4db45ca30fd102255,
        type: 3}
      propertyPath: m_LocalEulerAnglesHint.x
      value: -90
      objectReference: {fileID: 0}
    - target: {fileID: 7095129331176585628, guid: 27a713338f5b94e4db45ca30fd102255,
        type: 3}
      propertyPath: m_LocalEulerAnglesHint.y
      value: 0
      objectReference: {fileID: 0}
    - target: {fileID: 7095129331176585628, guid: 27a713338f5b94e4db45ca30fd102255,
        type: 3}
      propertyPath: m_LocalEulerAnglesHint.z
      value: 0
      objectReference: {fileID: 0}
    - target: {fileID: 7346789327528659896, guid: 27a713338f5b94e4db45ca30fd102255,
        type: 3}
      propertyPath: m_Name
      value: RippleEffect_Oneshot
      objectReference: {fileID: 0}
    m_RemovedComponents: []
  m_SourcePrefab: {fileID: 100100000, guid: 27a713338f5b94e4db45ca30fd102255, type: 3}
--- !u!4 &9013757692828824311 stripped
Transform:
  m_CorrespondingSourceObject: {fileID: 7095129331176585628, guid: 27a713338f5b94e4db45ca30fd102255,
    type: 3}
  m_PrefabInstance: {fileID: 2261293364848462699}
  m_PrefabAsset: {fileID: 0}
--- !u!1001 &6598588476697502621
PrefabInstance:
  m_ObjectHideFlags: 0
  serializedVersion: 2
  m_Modification:
    m_TransformParent: {fileID: 7376257123814186258}
    m_Modifications:
    - target: {fileID: 5123326331074407205, guid: df916b8b73cc24a9290a09ab11657ee6,
        type: 3}
      propertyPath: m_RootOrder
      value: 14
      objectReference: {fileID: 0}
    - target: {fileID: 5123326331074407205, guid: df916b8b73cc24a9290a09ab11657ee6,
        type: 3}
      propertyPath: m_LocalPosition.x
      value: 0
      objectReference: {fileID: 0}
    - target: {fileID: 5123326331074407205, guid: df916b8b73cc24a9290a09ab11657ee6,
        type: 3}
      propertyPath: m_LocalPosition.y
      value: 15
      objectReference: {fileID: 0}
    - target: {fileID: 5123326331074407205, guid: df916b8b73cc24a9290a09ab11657ee6,
        type: 3}
      propertyPath: m_LocalPosition.z
      value: 0
      objectReference: {fileID: 0}
    - target: {fileID: 5123326331074407205, guid: df916b8b73cc24a9290a09ab11657ee6,
        type: 3}
      propertyPath: m_LocalRotation.w
      value: 1
      objectReference: {fileID: 0}
    - target: {fileID: 5123326331074407205, guid: df916b8b73cc24a9290a09ab11657ee6,
        type: 3}
      propertyPath: m_LocalRotation.x
      value: -0
      objectReference: {fileID: 0}
    - target: {fileID: 5123326331074407205, guid: df916b8b73cc24a9290a09ab11657ee6,
        type: 3}
      propertyPath: m_LocalRotation.y
      value: -0
      objectReference: {fileID: 0}
    - target: {fileID: 5123326331074407205, guid: df916b8b73cc24a9290a09ab11657ee6,
        type: 3}
      propertyPath: m_LocalRotation.z
      value: -0
      objectReference: {fileID: 0}
    - target: {fileID: 5123326331074407205, guid: df916b8b73cc24a9290a09ab11657ee6,
        type: 3}
      propertyPath: m_LocalEulerAnglesHint.x
      value: 0
      objectReference: {fileID: 0}
    - target: {fileID: 5123326331074407205, guid: df916b8b73cc24a9290a09ab11657ee6,
        type: 3}
      propertyPath: m_LocalEulerAnglesHint.y
      value: 0
      objectReference: {fileID: 0}
    - target: {fileID: 5123326331074407205, guid: df916b8b73cc24a9290a09ab11657ee6,
        type: 3}
      propertyPath: m_LocalEulerAnglesHint.z
      value: 0
      objectReference: {fileID: 0}
    - target: {fileID: 8563566384985196175, guid: df916b8b73cc24a9290a09ab11657ee6,
        type: 3}
      propertyPath: m_Name
      value: FOG
      objectReference: {fileID: 0}
    m_RemovedComponents: []
  m_SourcePrefab: {fileID: 100100000, guid: df916b8b73cc24a9290a09ab11657ee6, type: 3}
--- !u!4 &2056829349903075512 stripped
Transform:
  m_CorrespondingSourceObject: {fileID: 5123326331074407205, guid: df916b8b73cc24a9290a09ab11657ee6,
    type: 3}
  m_PrefabInstance: {fileID: 6598588476697502621}
  m_PrefabAsset: {fileID: 0}
